<?xml version="1.0" encoding="UTF-8"?><collection xmlns="http://www.loc.gov/MARC21/slim"><record><leader>00412nam--2200133-i-4500</leader><controlfield tag="001">000032367</controlfield><controlfield tag="002">20161230</controlfield><controlfield tag="005">20161230201039</controlfield><controlfield tag="008">060222s1000------------r-----000-0-eng-d</controlfield><datafield ind1=" " ind2=" " tag="080"><subfield code="a">519.6(075.8)</subfield></datafield><datafield ind1=" " ind2=" " tag="245"><subfield code="a">Ministerul educatiei si invatamintului. matematici speciale</subfield></datafield><datafield ind1=" " ind2=" " tag="260"><subfield code="a">Bucuresti, Ed.Didactica Si Pedagogica, 1983, 224p</subfield></datafield><datafield ind1=" " ind2=" " tag="700"><subfield code="a">Sabac, I.Gh., Cocorlan, P., Stanasila, S.Si Topala, A</subfield></datafield><datafield ind1=" " ind2=" " tag="852"><subfield code="a">71468</subfield></datafield></record></collection>